@book{ISLR,
    author      = {Gareth James and Daniels Witten and Trevor Hastie and Robert Tibshirani},
    title       = {An Introduction to Statistical Learning with Applications in R},
    publisher   = {Springer},
    year        = {2013},
    isbn        = {978-1-4614-7137-0},
},









